
@article{adenaRadioRiseNazis2015a,
  title = {Radio and the {{Rise}} of the {{Nazis}} in {{Prewar Germany}}},
  author = {Adena, Maja and Enikolopov, Ruben and Petrova, Maria and Santarosa, Veronica and Zhuravskaya, Ekaterina},
  date = {2015},
  journaltitle = {The Quarterly Journal of Economics},
  volume = {130},
  pages = {1885--1939},
  publisher = {{MIT Press}},
  number = {4}
}

@online{AffectAutocracyEmotions,
  title = {Affect and {{Autocracy}}: {{Emotions}} and {{Attitudes}} in {{Russia}} after {{Crimea}} | {{Perspectives}} on {{Politics}} | {{Cambridge Core}}},
  url = {https://www.cambridge.org/core/journals/perspectives-on-politics/article/affect-and-autocracy-emotions-and-attitudes-in-russia-after-crimea/B027177E75BA44FB664791F7F2406F66},
  urldate = {2020-12-18},
  file = {C\:\\Users\\user\\Zotero\\storage\\EZ4MTBCB\\B027177E75BA44FB664791F7F2406F66.html}
}

@article{alexseevCrimeaComeWhat2020,
  title = {Crimea Come What May: {{Do}} Economic Sanctions Backfire Politically?},
  shorttitle = {Crimea Come What May},
  author = {Alexseev, Mikhail A. and Hale, Henry E.},
  date = {2020},
  journaltitle = {Journal of Peace Research},
  volume = {57},
  pages = {344--359},
  publisher = {{SAGE Publications Sage UK: London, England}},
  file = {C\:\\Users\\user\\Zotero\\storage\\XE8V7URU\\Alexseev и Hale - 2020 - Crimea come what may Do economic sanctions backfi.pdf;C\:\\Users\\user\\Zotero\\storage\\WAAV9N8M\\0022343319866879.html},
  number = {2}
}

@article{baumGoingPrivatePublic2004,
  title = {Going Private: {{Public}} Opinion, Presidential Rhetoric, and the Domestic Politics of Audience Costs in {{US}} Foreign Policy Crises},
  shorttitle = {Going Private},
  author = {Baum, Matthew A.},
  date = {2004},
  journaltitle = {Journal of Conflict Resolution},
  volume = {48},
  pages = {603--631},
  publisher = {{Sage Publications Sage CA: Thousand Oaks, CA}},
  file = {C\:\\Users\\user\\Zotero\\storage\\GYCVUQDG\\Baum - 2004 - Going private Public opinion, presidential rhetor.pdf;C\:\\Users\\user\\Zotero\\storage\\YCYWF4B9\\0022002704267764.html},
  number = {5}
}

@article{cheibubDemocracyDictatorshipRevisited2010,
  title = {Democracy and Dictatorship Revisited},
  author = {Cheibub, José Antonio and Gandhi, Jennifer and Vreeland, James Raymond},
  date = {2010},
  journaltitle = {Public choice},
  volume = {143},
  pages = {67--101},
  publisher = {{Springer}},
  file = {C\:\\Users\\user\\Zotero\\storage\\JXKWUKLX\\Cheibub и др. - 2010 - Democracy and dictatorship revisited.pdf;C\:\\Users\\user\\Zotero\\storage\\FF78THM5\\10.html},
  number = {1-2}
}

@article{fearonDomesticPoliticalAudiences1994,
  title = {Domestic Political Audiences and the Escalation of International Disputes},
  author = {Fearon, James D.},
  date = {1994},
  journaltitle = {American political science review},
  pages = {577--592},
  publisher = {{JSTOR}},
  file = {C\:\\Users\\user\\Zotero\\storage\\W9A866WJ\\Fearon - 1994 - Domestic political audiences and the escalation of.pdf;C\:\\Users\\user\\Zotero\\storage\\DM8CKSF4\\2944796.html}
}

@article{gelpiWinnersLosersDemocracies2001,
  title = {Winners or Losers? {{Democracies}} in International Crisis, 1918-94},
  shorttitle = {Winners or Losers?},
  author = {Gelpi, Christopher F. and Griesdorf, Michael},
  date = {2001},
  journaltitle = {American Political Science Review},
  pages = {633--647},
  publisher = {{JSTOR}},
  file = {C\:\\Users\\user\\Zotero\\storage\\4G6X5ETB\\Gelpi и Griesdorf - 2001 - Winners or losers Democracies in international cr.pdf;C\:\\Users\\user\\Zotero\\storage\\PXH2K89I\\3118238.html}
}

@article{greeneAffectAutocracyEmotions,
  title = {Affect and {{Autocracy}}: {{Emotions}} and {{Attitudes}} in {{Russia}} after {{Crimea}}},
  shorttitle = {Affect and {{Autocracy}}},
  author = {Greene, Samuel A. and Robertson, Graeme},
  journaltitle = {Perspectives on Politics},
  pages = {1--15},
  publisher = {{Cambridge University Press}},
  file = {C\:\\Users\\user\\Zotero\\storage\\N5J2K3RI\\B027177E75BA44FB664791F7F2406F66.html}
}

@book{haleMythMassAuthoritarianism2009,
  title = {The {{Myth}} of {{Mass Authoritarianism}} in {{Russia}}: {{Public Opinion Foundations}} of a {{Hybrid Regime}}},
  shorttitle = {The {{Myth}} of {{Mass Authoritarianism}} in {{Russia}}},
  author = {Hale, Henry E.},
  date = {2009},
  publisher = {{National Council for Eurasian and East European Research, University of …}}
}

@article{kinneElectoralAuthoritarianismCredible2013,
  title = {Electoral Authoritarianism and Credible Signaling in International Crises},
  author = {Kinne, Brandon J. and Marinov, Nikolay},
  date = {2013},
  journaltitle = {Journal of Conflict Resolution},
  volume = {57},
  pages = {359--386},
  publisher = {{SAGE Publications Sage CA: Los Angeles, CA}},
  file = {C\:\\Users\\user\\Zotero\\storage\\L2ELAXGP\\Kinne и Marinov - 2013 - Electoral authoritarianism and credible signaling .pdf;C\:\\Users\\user\\Zotero\\storage\\PLFVG4PD\\0022002712446124.html},
  number = {3}
}

@article{papeWhyEconomicSanctions1997,
  title = {Why Economic Sanctions Do Not Work},
  author = {Pape, Robert A.},
  date = {1997},
  journaltitle = {International security},
  volume = {22},
  pages = {90--136},
  publisher = {{MIT Press}},
  file = {C\:\\Users\\user\\Zotero\\storage\\SSSITF2H\\Pape - 1997 - Why economic sanctions do not work.pdf;C\:\\Users\\user\\Zotero\\storage\\IMABZZX3\\isec.22.2.html},
  number = {2}
}

@article{papeWhyEconomicSanctions1997a,
  title = {Why Economic Sanctions Do Not Work},
  author = {Pape, Robert A.},
  date = {1997},
  journaltitle = {International security},
  volume = {22},
  pages = {90--136},
  publisher = {{MIT Press}},
  file = {C\:\\Users\\user\\Zotero\\storage\\LAD2ZSV8\\Pape - 1997 - Why economic sanctions do not work.pdf;C\:\\Users\\user\\Zotero\\storage\\BTEM66XG\\isec.22.2.html},
  number = {2}
}

@article{schultzDemocraticInstitutionsConstrain1999,
  title = {Do Democratic Institutions Constrain or Inform? {{Contrasting}} Two Institutional Perspectives on Democracy and War},
  shorttitle = {Do Democratic Institutions Constrain or Inform?},
  author = {Schultz, Kenneth A.},
  date = {1999},
  journaltitle = {International Organization},
  pages = {233--266},
  publisher = {{JSTOR}},
  file = {C\:\\Users\\user\\Zotero\\storage\\WQFNXLCD\\Schultz - 1999 - Do democratic institutions constrain or inform Co.pdf;C\:\\Users\\user\\Zotero\\storage\\S5TMZ8WJ\\2601389.html}
}

@article{tomzDomesticAudienceCosts2007,
  title = {Domestic Audience Costs in International Relations: {{An}} Experimental Approach},
  shorttitle = {Domestic Audience Costs in International Relations},
  author = {Tomz, Michael},
  date = {2007},
  journaltitle = {International Organization},
  pages = {821--840},
  publisher = {{JSTOR}},
  file = {C\:\\Users\\user\\Zotero\\storage\\JL6MG4RU\\Tomz - 2007 - Domestic audience costs in international relations.pdf;C\:\\Users\\user\\Zotero\\storage\\XLX5GNIC\\4498169.html}
}

@article{tomzPublicOpinionDemocratic2013,
  title = {Public Opinion and the Democratic Peace},
  author = {Tomz, Michael R. and Weeks, Jessica LP},
  date = {2013},
  journaltitle = {American political science review},
  pages = {849--865},
  publisher = {{JSTOR}},
  file = {C\:\\Users\\user\\Zotero\\storage\\7CFV2UP7\\Tomz и Weeks - 2013 - Public opinion and the democratic peace.pdf;C\:\\Users\\user\\Zotero\\storage\\RLUT3WAW\\43654037.html}
}

@article{treismanPutinPopularity20102014,
  title = {Putin's Popularity since 2010: Why Did Support for the {{Kremlin}} Plunge, Then Stabilize?},
  shorttitle = {Putin's Popularity since 2010},
  author = {Treisman, Daniel},
  date = {2014},
  journaltitle = {Post-Soviet Affairs},
  volume = {30},
  pages = {370--388},
  publisher = {{Taylor \& Francis}},
  file = {C\:\\Users\\user\\Zotero\\storage\\Z4D5E2KZ\\Treisman - 2014 - Putin's popularity since 2010 why did support for.pdf;C\:\\Users\\user\\Zotero\\storage\\R74P4F89\\1060586X.2014.html},
  number = {5}
}

@article{weeksAutocraticAudienceCosts2008,
  title = {Autocratic Audience Costs: {{Regime}} Type and Signaling Resolve},
  shorttitle = {Autocratic Audience Costs},
  author = {Weeks, Jessica L.},
  date = {2008},
  journaltitle = {International Organization},
  pages = {35--64},
  publisher = {{JSTOR}},
  file = {C\:\\Users\\user\\Zotero\\storage\\HFLUYQAD\\Weeks - 2008 - Autocratic audience costs Regime type and signali.pdf;C\:\\Users\\user\\Zotero\\storage\\9XYUJ7SW\\40071874.html}
}

@article{weissAuthoritarianSignalingMass2013,
  title = {Authoritarian Signaling, Mass Audiences, and Nationalist Protest in {{China}}},
  author = {Weiss, Jessica Chen},
  date = {2013},
  journaltitle = {International Organization},
  pages = {1--35},
  publisher = {{JSTOR}},
  file = {C\:\\Users\\user\\Zotero\\storage\\5S97NGU3\\Weiss - 2013 - Authoritarian signaling, mass audiences, and natio.pdf;C\:\\Users\\user\\Zotero\\storage\\V9FTJCBM\\43282151.html}
}

@book{woodwellNationalismInternationalRelations2007,
  title = {Nationalism in International Relations: {{Norms}}, Foreign Policy, and Enmity},
  shorttitle = {Nationalism in International Relations},
  author = {Woodwell, Douglas},
  date = {2007},
  publisher = {{Springer}},
  file = {C\:\\Users\\user\\Zotero\\storage\\64B9SUB5\\books.html}
}


